@inproceedings{kutuzov18diachronic,
    title = "Diachronic word embeddings and semantic shifts: a survey",
    author = "Kutuzov, Andrey  and
      {\O}vrelid, Lilja  and
      Szymanski, Terrence  and
      Velldal, Erik",
    booktitle = "Proceedings of the 27th International Conference on Computational Linguistics",
    month = aug,
    year = "2018",
    address = "Santa Fe, New Mexico, USA",
    publisher = "Association for Computational Linguistics",
    url = "https://www.aclweb.org/anthology/C18-1117",
    pages = "1384--1397",
   }

%************************************************************ Contextualized Word Embeddings ************************************************************


@inproceedings{vaswani17transformers,
  title={Attention is all you need},
  author={Vaswani, Ashish and Shazeer, Noam and Parmar, Niki and Uszkoreit, Jakob and Jones, Llion and Gomez, Aidan N and Kaiser, {\L}ukasz and Polosukhin, Illia},
  booktitle={Advances in neural information processing systems},
  pages={5998--6008},
  year={2017}
}

@inproceedings{devlin19BERT,
    title = "{BERT}: Pre-training of Deep Bidirectional Transformers for Language Understanding",
    author = "Devlin, Jacob  and
      Chang, Ming-Wei  and
      Lee, Kenton  and
      Toutanova, Kristina",
    booktitle = "Proceedings of the 2019 Conference of the North {A}merican Chapter of the Association for Computational Linguistics: Human Language Technologies, Volume 1 (Long and Short Papers)",
    month = jun,
    year = "2019",
    address = "Minneapolis, Minnesota",
    publisher = "Association for Computational Linguistics",
    doi = "10.18653/v1/N19-1423",
    pages = "4171--4186",
}

@inproceedings{Radford19GPT2,
  title={Language Models are Unsupervised Multitask Learners},
  author={A. Radford and Jeffrey Wu and R. Child and David Luan and Dario Amodei and Ilya Sutskever},
  booktitle={Technical Report},
  year={2019}
}
%************************************************************ Mutlilingual ************************************************************

@inproceedings{upadhyay16empiricialComparison,
	author = {Upadhyay, Shyam  and Faruqui, Manaal  and
	Dyer, Chris  and Roth, Dan},
	booktitle = {Proc. 54th Annual Meeting of the Association for Computational Linguistics},
	title = {Cross-lingual Models of Word Embeddings: An Empirical Comparison},
	year = {2016},
	pages = {1661--1670}
}

@inproceedings{hermann14multilingualModels,
	author={Hermann, Karl Moritz and Blunsom, Phil},
	booktitle={Proc. 52nd Annual Meeting Association for Computational Linguistics},
	title={Multilingual models for compositional distributed semantics},
	year={2014},
	pages={58--68}
}

@inproceedings{duong16withoutBilingualCorpora,
	author={Duong, Long and Kanayama, Hiroshi and Ma, Tengfei and Bird, Steven and Cohn, Trevor},
	booktitle={Empirical Methods in Natural Language Processing (EMNLP)},
	title={Learning crosslingual word embeddings without bilingual corpora},
	year={2016},
	pages={1285--1295}
}

@inproceedings{al-rfou14multilingualNLP,
	author={Al-Rfou, Rami and Perozzi, Bryan and Skiena, Steven},
	booktitle={Proc. 17th Conf. Computational NLP},
	title={Polyglot: Distributed word representations for multilingual NLP},
	year={2013},
	month={August},
	pages={183--192}
}

@inproceedings{adams17lowResource,
	author={Adams, Oliver and Makarucha, Adam and Neubig, Graham and Bird, Steven and Cohn, Trevor},
	booktitle={Proc. 15th Conf. European Chapter of the Association for Computational Linguistics},
	title={Cross-lingual word embeddings for low-resource language modeling},
	volume={1},
	year={2017},
	pages={937--947}
}

@article{zhang14bridgingWiki,
	title={Bridging the gap between cross-lingual nlp and dbpedia by exploiting wikipedia},
	author={Zhang, Lei and Rettinger, Achim and Thoma, Steffen},
	journal={NLP \& DBpedia},
	year={2014}
}

@inproceedings{zervanou14wordSimilarity,
	title={Word Semantic Similarity for Morphologically Rich Languages.},
	author={Zervanou, Kalliopi and Iosif, Elias and Potamianos, Alexandros},
	booktitle={LREC},
	pages={1642--1648},
	year={2014}
}

@inproceedings{yarowsky01POS,
	title={Inducing multilingual POS taggers and NP brackets via robust projection across aligned corpora},
	author={Yarowsky, David and Ngai, Grace},
	booktitle={Proceedings of NAACL},
	year={2001}
}

@inproceedings{xing15bilingual,
	title={Normalized word embedding and orthogonal transform for bilingual word translation},
	author={Xing, Chao and Wang, Dong and Liu, Chao and Lin, Yiye},
	booktitle={Proceedings of the 2015 Conference of the North American Chapter of the Association for Computational Linguistics: Human Language Technologies},
	pages={1006--1011},
	year={2015}
}

@inproceedings{xiao14crosslingual,
	title={Distributed word representation learning for cross-lingual dependency parsing},
	author={Xiao, Min and Guo, Yuhong},
	booktitle={Proceedings of the Eighteenth Conference on Computational Natural Language Learning},
	pages={119--129},
	year={2014}
}

@inproceedings{xia07interlinear,
	title={Multilingual structural projection across interlinear text},
	author={Xia, Fei and Lewis, William},
	booktitle={Human Language Technologies 2007: The Conference of the North American Chapter of the Association for Computational Linguistics; Proceedings of the Main Conference},
	pages={452--459},
	year={2007}
}

@inproceedings{vulic14probabilistic,
	title={Probabilistic models of cross-lingual semantic similarity in context based on latent cross-lingual concepts induced from comparable data},
	author={Vulic, Ivan and Moens, Marie-Francine},
	booktitle={Proceedings of the 2014 Conference on Empirical Methods in Natural Language Processing (EMNLP 2014)},
	pages={349--362},
	year={2014},
	organization={ACL}
}

@inproceedings{vulic13crossLingual,
	title={Cross-lingual semantic similarity of words as the similarity of their semantic word responses},
	author={Vulic, Ivan and Moens, Marie-Francine},
	booktitle={Proceedings of the 2013 Conference of the North American Chapter of the Association for Computational Linguistics: Human Language Technologies (NAACL-HLT 2013)},
	pages={106--116},
	year={2013},
	organization={ACL}
}

@article{smith17inverted,
	title={Offline bilingual word vectors, orthogonal transformations and the inverted softmax},
	author={Smith, Samuel L and Turban, David HP and Hamblin, Steven and Hammerla, Nils Y},
	journal={arXiv preprint arXiv:1702.03859},
	year={2017}
}

@inproceedings{senel18atlas,
  title={Generating Semantic Similarity Atlas for Natural Languages},
  author={{\c{S}}enel, L{\"u}tfi Kerem and Utlu, {\.I}hsan and Y{\"u}cesoy, Veysel and Ko{\c{c}}, Aykut and {\c{C}}ukur, Tolga},
  booktitle={2018 IEEE Spoken Language Technology Workshop (SLT)},
  pages={795--799},
  year={2018},
  organization={IEEE}
}

@inproceedings{senel17crossLingual,
	title={Measuring cross-lingual semantic similarity across European languages},
	author={Senel, Lutfi Kerem and Y\"{u}cesoy, Veysel and Ko\c{c}, Aykut and \c{C}ukur, Tolga},
	booktitle={TSP},
	year={2017}
}

@inproceedings{saad14comparable,
	title={Cross-lingual semantic similarity measure for comparable articles},
	author={Saad, Motaz and Langlois, David and Sma{\"\i}li, Kamel},
	booktitle={International Conference on Natural Language Processing},
	pages={105--115},
	year={2014},
	organization={Springer}
}

@article{ruder17crosslingual,
	title={A survey of cross-lingual word embedding models},
	author={Ruder, Sebastian and Vuli, I and Sgaard, A},
	journal={ArXiv e-prints},
	year={2017}
}

@article{richman08WikiNER,
	title={Mining wiki resources for multilingual named entity recognition},
	author={Richman, Alexander E and Schone, Patrick},
	journal={Proceedings of ACL-08: HLT},
	pages={1--9},
	year={2008}
}

@article{mrksic17specialization,
	author = {Mrk\v{s}i\'{c}, Nikola  and  Vulić, Ivan  and  Ó Séaghdha, Diarmuid  and  Leviant, Ira  and  Reichart, Roi  and  Gašić, Milica  and  Korhonen, Anna  and  Young, Steve},
	title = {Semantic Specialization of Distributional Word Vector Spaces using Monolingual and Cross-Lingual Constraints},
	journal = {Transactions of the Association for Computational Linguistics},
	volume = {5},
	year = {2017},
	pages = {309--324}
}

@article{mikolov13crossLingual,
	title={Exploiting Similarities among Languages for Machine Translation},
	author={Mikolov, Tomas and Le, Quoc V. and Sutskever, Ilya},
	journal={arXiv preprint arXiv:1309.4168},
	year={2013}
}

@inproceedings{hana04russian,
	title={A resource-light approach to Russian morphology: Tagging Russian using Czech resources},
	author={Hana, Jiri and Feldman, Anna and Brew, Chris},
	booktitle={Proceedings of the 2004 Conference on Empirical Methods in Natural Language Processing},
	year={2004}
}

@inproceedings{georgi10genetic,
	title={Comparing language similarity across genetic and typologically-based groupings},
	author={Georgi, Ryan and Xia, Fei and Lewis, William},
	booktitle={Proceedings of the 23rd International Conference on Computational Linguistics},
	pages={385--393},
	year={2010},
	organization={Association for Computational Linguistics}
}

@article{ammar16multilingual,
	title={Massively multilingual word embeddings},
	author={Ammar, Waleed and Mulcaire, George and Tsvetkov, Yulia and Lample, Guillaume and Dyer, Chris and Smith, Noah A},
	journal={arXiv preprint arXiv:1602.01925},
	year={2016}
}

@inproceedings{dai11crossLingual,
	title={An English-Chinese Cross-lingual Word Semantic Similarity Measure Exploring Attributes and Relations.},
	author={Dai, Lin and Huang, Heyan},
	booktitle={PACLIC},
	pages={467--476},
	year={2011}
}

@inproceedings{duong17multilingual,
	title={Multilingual training of crosslingual word embeddings},
	author={Duong, Long and Kanayama, Hiroshi and Ma, Tengfei and Bird, Steven and Cohn, Trevor},
	booktitle={Proceedings of the 15th Conference of the European Chapter of the Association for Computational Linguistics: Volume 1, Long Papers},
	volume={1},
	pages={894--904},
	year={2017}
}

@inproceedings{faruqui14CCA,
	title={Improving vector space word representations using multilingual correlation},
	author={Faruqui, Manaal and Dyer, Chris},
	booktitle={Proceedings of the 14th Conference of the European Chapter of the Association for Computational Linguistics},
	pages={462--471},
	year={2014}
}

%************************************************************ Interpretability ************************************************************

@inproceedings{mathew20polar,
  title={The POLAR Framework: Polar Opposites Enable Interpretability of Pre-Trained Word Embeddings},
  author={Mathew, Binny and Sikdar, Sandipan and Lemmerich, Florian and Strohmaier, Markus},
  booktitle={Proceedings of The Web Conference 2020},
  pages={1548--1558},
  year={2020}
}


@inproceedings{panigrahi19word2sense,
  title={Word2Sense: Sparse Interpretable Word Embeddings},
  author={Panigrahi, Abhishek and Simhadri, Harsha Vardhan and Bhattacharyya, Chiranjib},
  booktitle={Proceedings of the 57th Annual Meeting of the Association for Computational Linguistics},
  pages={5692--5705},
  year={2019}
}

@article{senel20impart,
title={Imparting interpretability to word embeddings while preserving semantic structure},
DOI={10.1017/S1351324920000315},
journal={Natural Language Engineering},
publisher={Cambridge University Press},
author={Şenel, Lütfi Kerem and Utlu, İhsan and Şahinuç, Furkan and Ozaktas, Haldun M. and Koç, Aykut},
year={2020}, 
pages={1–26}
}

@inproceedings{li16visualizingNLP,
	author={Li, Jiwei and Chen, Xinlei and Hovy, Eduard H. and Jurafsky, Daniel},
	booktitle={Proc. NAACL-HLT},
	title={Visualizing and Understanding Neural Models in NLP},
	year={2016}
}

@inproceedings{zobnin17rotations,
	title={Rotations and interpretability of word embeddings: the case of the russian language},
	author={Zobnin, Alexey},
	booktitle={Proc. of the International Conference on Analysis of Images, Social Networks and Texts (AIST)},
	pages={116--128},
	year={2017},
% 	organization={Springer}
}

@article{vulic16hyperlex,
	title={HyperLex: A Large-Scale Evaluation of Graded Lexical Entailment},
	author={Vuli{\'c}, Ivan and Gerz, Daniela and Kiela, Douwe and Hill, Felix and Korhonen, Anna},
	journal={arXiv preprint arXiv:1608.02117},
	year={2016}
}

@article{subramanian18spine,
	title={{SPINE}: {SP}arse {I}nterpretable {N}eural {E}mbeddings},
	author={Subramanian, Anant and Pruthi, Danish and Jhamtani, Harsh and Berg-Kirkpatrick, Taylor and Hovy, Eduard},
	journal={Proc. of the Association for the Advancement of Artificial Intelligence (AAAI)}
	year={2018}
}

@inproceedings{senel18trInterpret,
	title={Interpretability Analysis for Turkish Word Embeddings},
	author={Senel, Lutfi Kerem and Yucesoy, Veysel and Koc, Aykut and Cukur, Tolga},
	booktitle={Signal Processing and Communications Applcations Conference (SIU)},
	pages={1-4},
	year={2018}
	organization={IEEE}
}


@article{senel18semanticStructure,
  title={Semantic structure and interpretability of word embeddings},
  author={{\c{S}}enel, L{\"u}tfi Kerem and Utlu, Ihsan and Y{\"u}cesoy, Veysel and Koc, Aykut and Cukur, Tolga},
  journal={IEEE/ACM Transactions on Audio, Speech, and Language Processing},
  volume={26},
  number={10},
  pages={1769--1779},
  year={2018},
  publisher={IEEE}
}


@inproceedings{sato18interpretableAdversarial,
	title={Interpretable Adversarial Perturbation in Input Embedding Space for Text},
	author={Motoki Sato and Jun Suzuki and Hiroyuki Shindo and Yuji Matsumoto},
	booktitle={IJCAI},
	year={2018}
}

@inproceedings{park17rotated,
    title = "Rotated Word Vector Representations and their Interpretability",
    author = "Park, Sungjoon  and
      Bak, JinYeong  and
      Oh, Alice",
    booktitle = "Proc. of the Conference on Empirical Methods in Natural Language Processing (EMNLP)",
    pages = "401--411",
    year = "2017"
    % address = "Copenhagen, Denmark",
    % month = sep,
    % publisher = "Association for Computational Linguistics",
    % url = "https://www.aclweb.org/anthology/D17-1041",
    % doi = "10.18653/v1/D17-1041",
}

@inproceedings{murphy12nnse,
    title = "Learning Effective and Interpretable Semantic Models using Non-Negative Sparse Embedding",
    author = "Murphy, Brian  and
      Talukdar, Partha  and
      Mitchell, Tom",
    booktitle = "Proc. of International Conference on Computational Linguistics (COLING)",
    pages = "1933--1950",
    year = "2012"
    % address = "Mumbai, India",
    % month = dec,
    % publisher = "The COLING 2012 Organizing Committee",
    % url = "https://www.aclweb.org/anthology/C12-1118",
}

@inproceedings{luo15online,
    title = "Online Learning of Interpretable Word Embeddings",
    author = "Luo, Hongyin  and
      Liu, Zhiyuan  and
      Luan, Huanbo  and
      Sun, Maosong",
    booktitle = "Proc. of the Conference on Empirical Methods in Natural Language Processing (EMNLP)",
    pages = "1687--1692",
    year = "2015"
    % address = "Lisbon, Portugal",
    % month = sep,
    % publisher = "Association for Computational Linguistics",
    % url = "https://www.aclweb.org/anthology/D15-1196",
    % doi = "10.18653/v1/D15-1196",
}


@inproceedings{jha18interpretableMedical,
	title={Interpretable Word Embeddings for Medical Domain},
	author={Jha, Kishlay and Wang, Yaqing and Xun, Guangxu and Zhang, Aidong},
	booktitle={2018 IEEE International Conference on Data Mining (ICDM)},
	pages={1061--1066},
	year={2018},
	organization={IEEE}
}

@inproceedings{jang18interpretableContextualization,
	title={Interpretable Word Embedding Contextualization},
	author={Jang, Kyoung-Rok and Myaeng, Sung-Hyon and Kim, Sang-Bum},
	booktitle={Proceedings of the 2018 EMNLP Workshop BlackboxNLP: Analyzing and Interpreting Neural Networks for NLP},
	pages={341--343},
	year={2018}
}

@article{jang17elucidating,
	title={Elucidating Conceptual Properties from Word Embeddings},
	author={Jang, Kyoung-Rok and Myaeng, Sung-Hyon},
	journal={SENSE 2017},
	pages={91},
	year={2017}
}

@ARTICLE{goodman16explanation,
	author = {{Goodman}, B. and {Flaxman}, S.},
	title = "{European Union regulations on algorithmic decision-making and a ``right to explanation''}",
	journal = {ArXiv e-prints},
	year = 2016,
	month = jun,
}

@article{gladkova16intrinsic,
	title={Intrinsic Evaluations of Word Embeddings: What Can We Do Better?},
	author={Gladkova, Anna and Drozd, Aleksandr and Center, Computing},
	journal={ACL 2016},
	pages={36},
	year={2016}
}

@inproceedings{fyshe14interpretable,
    title = "Interpretable Semantic Vectors from a Joint Model of Brain- and Text- Based Meaning",
    author = "Fyshe, Alona  and
      Talukdar, Partha P.  and
      Murphy, Brian  and
      Mitchell, Tom M.",
    booktitle = "Proc. of the Annual Meeting of the Association for Computational Linguistics (ACL)",
    pages = "489--499",
    year = "2014"
    % address = "Baltimore, Maryland",
    % month = jun,
    % publisher = "Association for Computational Linguistics",
    % url = "https://www.aclweb.org/anthology/P14-1046",
    % doi = "10.3115/v1/P14-1046",
    
}

@article{arora18linalg,
	title={Linear algebraic structure of word senses, with applications to polysemy},
	author={Arora, Sanjeev and Li, Yuanzhi and Liang, Yingyu and Ma, Tengyu and Risteski, Andrej},
	journal={Transactions of the Association of Computational Linguistics},
	volume={6},
	pages={483--495},
	year={2018},
	publisher={MIT Press}
}

@inproceedings{chang09wordintrusion,
	title={Reading tea leaves: How humans interpret topic models},
	author={Chang, Jonathan and Gerrish, Sean and Wang, Chong and Boyd-Graber, Jordan L and Blei, David M},
	booktitle={Proc. of the International Conference on Neural Information Processing Systems (NeurIPS)},
	pages={288--296},
	year={2009}
}

@inproceedings{chen16InfoGAN,
author = {Chen, Xi and Duan, Yan and Houthooft, Rein and Schulman, John and Sutskever, Ilya and Abbeel, Pieter},
title = {InfoGAN: Interpretable Representation Learning by Information Maximizing Generative Adversarial Nets},
year = {2016},
isbn = {9781510838819},
booktitle = {Proc. of the International Conference on Neural Information Processing Systems (NeurIPS)},
pages = {2180--2188},
numpages = {9},
location = {Barcelona, Spain},
% publisher = {Curran Associates Inc.},
% address = {Red Hook, NY, USA},
% series = {NIPS’16}
}

@ARTICLE{chen16InfoGAN,
	author = {{Chen}, X. and {Duan}, Y. and {Houthooft}, R. and {Schulman}, J. and 
	{Sutskever}, I. and {Abbeel}, P.},
	title = "{InfoGAN: Interpretable Representation Learning by Information Maximizing Generative Adversarial Nets}",
	journal = {ArXiv e-prints},
	year = 2016,
	month = jun,
}

@InProceedings{faruqui15sparse,
	author = 	"Faruqui, Manaal
	and Tsvetkov, Yulia
	and Yogatama, Dani
	and Dyer, Chris
	and Smith, Noah A.",
	title = 	"Sparse Overcomplete Word Vector Representations",
	booktitle = 	"Proc. of the Annual Meeting of the Association for Computational Linguistics and the International Joint Conference on Natural Language Processing (ACL-IJCNLP)",
	year = 	"2015",
	pages = 	"1491--1500"
% 	publisher = 	"Association for Computational Linguistics",
	
}

@inproceedings{das15gaussian,
  title={Gaussian {LDA} for topic models with word embeddings},
  author={Das, Rajarshi and Zaheer, Manzil and Dyer, Chris},
  booktitle={Proc. of the Annual Meeting of the Association for Computational Linguistics and the International Joint Conference on Natural Language Processing (ACL-IJCNLP)},
  pages={795--804},
  year={2015}
}

@inproceedings{dufter19ultraDense,
author = {Dufter, Philipp and Schütze, Hinrich},
year = {2019},
pages = {1185-1191},
title = {Analytical Methods for Interpretable Ultradense Word Embeddings},
booktitle = {Proc. of the Conference on Empirical Methods in Natural Language Processing and the International Joint Conference on Natural Language Processing (EMNLP-IJCNLP)}
% month = {01},
% doi = {10.18653/v1/D19-1111}
}

@article{dufter19ultraDense,
  title={Analytical Methods for Interpretable Ultradense Word Embeddings},
  author={Dufter, Philipp and Sch{\"u}tze, Hinrich},
  journal={arXiv preprint arXiv:1904.08654},
  year={2019}
}

@inproceedings{liu15topical,
author = {Liu, Yang and Liu, Zhiyuan and Chua, Tat-Seng and Sun, Maosong},
title = {Topical Word Embeddings},
year = {2015},
booktitle = {Proc. of the Association for the Advancement of Artificial Intelligence (AAAI)},
pages = {2418-2424},
numpages = {7}
% isbn = {0262511290},
% publisher = {AAAI Press},
% location = {Austin, Texas},
% series = {AAAI’15}
}

@article{moody16mixing,
  title={Mixing dirichlet topic models and word embeddings to make lda2vec},
  author={Moody, Christopher E},
  journal={arXiv preprint arXiv:1605.02019},
  year={2016}
}

@inproceedings{murphy12learning,
  title={Learning effective and interpretable semantic models using non-negative sparse embedding},
  author={Murphy, Brian and Talukdar, Partha and Mitchell, Tom},
  booktitle={Proceedings of COLING 2012},
  pages={1933--1950},
  year={2012}
}

@inproceedings{panigrahi19word2sense,
  title={Word2Sense: Sparse Interpretable Word Embeddings},
  author={Panigrahi, Abhishek and Simhadri, Harsha Vardhan and Bhattacharyya, Chiranjib},
  booktitle={Proc. of the Conference of the Association for Computational Linguistics (ACL)},
  pages={5692--5705},
  year={2019}
}

@article{trifonov2018learning,
  title={Learning and Evaluating Sparse Interpretable Sentence Embeddings},
  author={Trifonov, Valentin and Ganea, Octavian-Eugen and Potapenko, Anna and Hofmann, Thomas},
  journal={arXiv preprint arXiv:1809.08621},
  year={2018}
}

%************************************************************ Fundamental Papers ************************************************************

@article{turney10fromFrequencyToMeaning,
	title={From frequency to meaning: Vector space models of semantics},
	author={Turney, Peter D and Pantel, Patrick},
	journal={Journal of artificial intelligence research},
	volume={37},
	pages={141--188},
	year={2010}
}

@misc{manning99foundationsOfNLP,
	title={Foundations of statistical language processing},
	author={Manning, Christopher D and Sch{\"u}tze, Hinrich},
	year={1999},
	publisher={Mit Press Cambridge, MA}
}

@inproceedings{mnih07graphical,
	title={Three New Graphical Models for Statistical language modelling},
	author={Mnih, Andriy and Hinton, Geoffrey},
	booktitle={Proceedings of the 24th International Conference on Machine Learning},
	pages={641--648},
	year={2007},
	organization={ACM}
}

@article{miller95wordnet,
	title={Word{N}et: a lexical database for English},
	author={Miller, George A},
	journal={Communications of the ACM},
	volume={38},
	number={11},
	pages={39--41},
	year={1995},
	publisher={ACM}
}

@article{lund96HAL,
	title={Producing high-dimensional semantic spaces from lexical co-occurrence},
	author={Lund, Kevin and Burgess, Curt},
	journal={Behavior Research Methods, Instruments, \& Computers},
	volume={28},
	number={2},
	pages={203--208},
	year={1996},
	publisher={Springer}
}

@book{goldberg17NLPBook,
	title={Neural Network Methods in Natural Language Processing},
	author={Goldberg, Y. and Hirst, G.},
	series={Synthesis Lectures on Human Language Technologies},
	howpublished = {\url{https://books.google.com.tr/books?id=Za2zDgAAQBAJ}},
	year={2017},
	publisher={Morgan \& Claypool Publishers}
}

@article{bengio03probabilistic,
	title={A Neural Probabilistic Language Model},
	author={Bengio, Yoshua and Ducharme, R{\'e}jean and Vincent, Pascal and Jauvin, Christian},
	journal={Journal of Machine Learning Research},
	volume={3},
	number={Feb},
	pages={1137--1155},
	year={2003}
}

@article{blei03lda,
	title={Latent dirichlet allocation},
	author={Blei, David M and Ng, Andrew Y and Jordan, Michael I},
	journal={J Mach Learn Res},
	volume={3},
	number={Jan},
	pages={993--1022},
	year={2003}
}

@article{deerwester90lsa,
	title={Indexing by latent semantic analysis},
	author={Deerwester, Scott and Dumais, Susan T and Furnas, George W and Landauer, Thomas K and Harshman, Richard},
	journal={J Am Soc Inf Sci},
	volume={41},
	number={6},
	pages={391},
	year={1990},
	publisher={American Documentation Institute}
}

%************************************************************ Improved Word Embeddings ************************************************************

@article{yang16fineTuning,
  title={Task Independent Fine Tuning for Word Embeddings},
  author={Yang, Xuefeng and Mao, Kezhi},
  journal={IEEE/ACM Transactions on Audio, Speech, and Language Processing},
  volume={25},
  number={4},
  pages={885--894},
  year={2016},
  publisher={IEEE}
}

@inproceedings{bollegala16joint,
author = {Bollegala, Danushka and Mohammed, Alsuhaibani and Maehara, Takanori and Kawarabayashi, Ken-ichi},
title = {Joint Word Representation Learning Using a Corpus and a Semantic Lexicon},
year = {2016},

booktitle = {Proc. of the Association for the Advancement of Artificial Intelligence (AAAI)},
pages = {2690--2696},
numpages = {7},
location = {Phoenix, Arizona}
% publisher = {AAAI Press},
% series = {AAAI’16}
}

@inproceedings{liu15learning,
    title = "Learning Semantic Word Embeddings based on Ordinal Knowledge Constraints",
    author = "Liu, Quan and Jiang, Hui and Wei, Si and Ling, Zhen-Hua and Hu, Yu",
    booktitle = "Proc. of the Annual Meeting of the Association for Computational Linguistics and the International Joint Conference on Natural Language Processing (ACL-IJCNLP)",
    year = "2015",
    doi = "10.3115/v1/P15-1145",
    pages = "1501--1511"
    % month = jul,
    % url = "https://www.aclweb.org/anthology/P15-1145",
    % address = "Beijing, China",
    % publisher = "Association for Computational Linguistics",
}

@inproceedings{liu15learning,
  title={Learning semantic word embeddings based on ordinal knowledge constraints},
  author={Liu, Quan and Jiang, Hui and Wei, Si and Ling, Zhen-Hua and Hu, Yu},
  booktitle={Proceedings of the 53rd Annual Meeting of the Association for Computational Linguistics and the 7th International Joint Conference on Natural Language Processing (Volume 1: Long Papers)},
  pages={1501--1511},
  year={2015}
}

@inproceedings{yu14improving,
  title={Improving lexical embeddings with semantic knowledge},
  author={Yu, Mo and Dredze, Mark},
  booktitle={Proc. of the Annual Meeting of the Association for Computational Linguistics (ACL)},
  pages={545--550},
  year={2014}
}

@inproceedings{celikyilmaz15enriching,
  title={Enriching word embeddings using knowledge graph for semantic tagging in conversational dialog systems},
  author={Celikyilmaz, Asli and Hakkani-Tur, Dilek and Pasupat, Panupong and Sarikaya, Ruhi},
  booktitle={Association for the Advancement of Artificial Intelligence (AAAI) Spring Symposium Series},
  year={2015}
}

@article{yu2017refining,
  title={Refining word embeddings using intensity scores for sentiment analysis},
  author={Yu, Liang-Chih and Wang, Jin and Lai, K Robert and Zhang, Xuejie},
  journal={IEEE/ACM Transactions on Audio, Speech, and Language Processing},
  volume={26},
  number={3},
  pages={671--681},
  year={2017},
  publisher={IEEE}
}

%************************************************************ Word Embedding ************************************************************

@inproceedings{sun16sparseCbow,
	title={Sparse word embeddings using $\ell_1$ regularized online learning},
	author={Sun, Fei and Guo, Jiafeng and Lan, Yanyan and Xu, Jun and Cheng, Xueqi},
	booktitle={IJCAI},
	pages={2915--2921},
	year={2016},
}

@article{schakel15vectorLengths,
	title={Measuring word significance using distributed representations of words},
	author={Schakel, Adriaan M.J. and Wilson, Benjamin J.},
	journal={arXiv preprint arXiv:1508.02297},
	year={2015}
}

@article{sahin17embeddingAlignment,
	title={Consistent Alignment of Word Embedding Models},
	author={Sahin, Cem Safak and Caceres, Rajmonda J. and  Oselio, Brandon and Campbell, William M.},
	journal={arXiv preprint arXiv:1702.07680},
	year={2017}
}

@article{goldberg14word2vecExplained,
	title={Word2vec Explained: deriving Mikolov et al.'s negative-sampling word-embedding method},
	author={Goldberg, Yoav and Omer, Levy},
	journal={arXiv preprint arXiv:1402.3722},
	year={2014}
}

@article{hashimoto16metricRecovery,
	title={Word embeddings as metric recovery in semantic spaces},
	author={Hashimoto, Tatsunori B and Alvarez-Melis, David and Jaakkola, Tommi S},
	journal={Transactions of the Association for Computational Linguistics},
	volume={4},
	pages={273--286},
	year={2016},
	publisher={MIT Press}
}

@article{arora16randWalk,
	title={Rand-walk: A latent variable model approach to word embeddings},
	author={Arora, Sanjeev and Li, Yuanzhi and Liang, Yingyu and Ma, Tengyu and Risteski, Andrej},
	journal={arXiv preprint arXiv:1502.03520},
	year={2015}
}

@article{trask15sense2vec,
	title={sense2vec-A Fast and Accurate Method for Word Sense Disambiguation in Neural Word Embeddings},
	author={Trask, Andrew and Michalak, Phil and Liu, John},
	journal={arXiv preprint arXiv:1511.06388},
	year={2015}
}

@inproceedings{pennington14glove,
	author = {Jeffrey Pennington and Richard Socher and Christopher D. Manning},
	booktitle = {Proc. of the Conference on Empirical Methods in Natural Language Processing (EMNLP)},
	title = {GloVe: Global Vectors for Word Representation},
	year = {2014},
	pages = {1532--1543}
}

@incollection{mikolov13word2vec_a,
	title = {Distributed Representations of Words and Phrases and their Compositionality},
	author = {Mikolov, Tomas and Sutskever, Ilya and Chen, Kai and Corrado, Greg S and Dean, Jeff},
	booktitle = {Proc. of the International Conference on Neural Information Processing Systems (NeurIPS)},
	pages = {3111--3119},
	year = {2013}
	% publisher = {Curran Associates, Inc.}
	% 	editor = {C. J. C. Burges and L. Bottou and M. Welling and Z. Ghahramani and K. Q. Weinberger},
}

@inproceedings{mikolov13word2vec_b,
author = {Mikolov, Tomas and Corrado, G.s and Chen, Kai and Dean, Jeffrey},
year = {2013},
pages = {1-12},
title = {Efficient Estimation of Word Representations in Vector Space},
booktitle = {Proc. of the International Conference on Learning Representations (ICLR)}
% month = {01},
}

@inproceedings{luong13morphology,
	title={Better Word Representations with Recursive Neural Networks for Morphology.},
	author={Luong, Thang and Socher, Richard and Manning, Christopher D},
	booktitle={CoNLL},
	pages={104--113},
	year={2013}
}

@inproceedings{levy14dependency,
author = {Levy, Omer and Goldberg, Yoav},
title = {Dependency-Based Word Embeddings},
booktitle = {Proc. of the Annual Meeting of the Association for Computational Linguistics (ACL)},
year = {2014},
pages = {302--308},
% month = {06},
% volume = {2},
doi = {10.3115/v1/P14-2050}
}

@InProceedings{johansson15Embedding,
	author    = {Johansson, Richard  and  Nieto Pi\~{n}a, Luis},
	title     = {Embedding a Semantic Network in a Word Space},
	booktitle = {Proceedings of the 2015 Conference of the North American Chapter of the Association for Computational Linguistics: Human Language Technologies},
	month     = {May--June},
	year      = {2015},
	address   = {Denver, Colorado},
	publisher = {Association for Computational Linguistics},
	pages     = {1428--1433}
}

@article{hill16simlex,
	title={Simlex-999: Evaluating semantic models with (genuine) similarity estimation},
	author={Hill, Felix and Reichart, Roi and Korhonen, Anna},
	journal={Comput. Linguist.},
	year={2016},
	publisher={MIT Press}
}

@inproceedings{bian14knowledge,
	author = {Bian, Jiang and Gao, Bin and Liu, Tie-Yan},
	title = {Knowledge-Powered Deep Learning for Word Embedding},
	booktitle = {},
	year = {2014},
	month = {September},
	publisher = {Springer}
}

@article{bojanowski2017enriching,
  title={Enriching word vectors with subword information},
  author={Bojanowski, Piotr and Grave, Edouard and Joulin, Armand and Mikolov, Tomas},
  journal={Transactions of the Association for Computational Linguistics},
  volume={5},
  pages={135--146},
  year={2017},
  publisher={MIT Press}
}



@article{dinu14hubness,
	title={Improving zero-shot learning by mitigating the hubness problem},
	author={Dinu, Georgiana and Lazaridou, Angeliki and Baroni, Marco},
	journal={arXiv preprint arXiv:1412.6568},
	year={2014}
}

@inproceedings{faruqui14communityEval,
    title = "Community Evaluation and Exchange of Word Vectors at wordvectors.org",
    author = "Faruqui, Manaal  and
      Dyer, Chris",
    booktitle = "Proc. of the Annual Meeting of the Association for Computational Linguistics: System Demonstrations (ACL)",
    pages = "19--24",
    year = "2014",
    % address = "Baltimore, Maryland",
    % publisher = "Association for Computational Linguistics",
    % url = "https://www.aclweb.org/anthology/P14-5004",
    % doi = "10.3115/v1/P14-5004",
     % month = jun,
}

%************************************************************ Joint Learning ************************************************************

@inproceedings{xu14RC_NET,
	author = {Xu, Chang and Bai, Yalong and Bian, Jiang and Gao, Bin and Wang, Gang and Liu, Xiaoguang and Liu, Tie-Yan},
	title = {RC-NET: A General Framework for Incorporating Knowledge into Word Representations},
	booktitle = {},
	year = {2014},
	month = {November}
}

@article{vulic17specialising,
	author    = {Ivan Vulic and
	Nikola Mrksic},
	title     = {Specialising Word Vectors for Lexical Entailment},
	journal   = {CoRR},
	volume    = {abs/1710.06371},
	year      = {2017}
}

@InProceedings{mrksic16counterFitting,
	author    = {Mrk\v{s}i\'{c}, Nikola  and  \'{O} S\'{e}aghdha, Diarmuid  and  Thomson, Blaise  and  Ga\v{s}i\'{c}, Milica  and  Rojas-Barahona, Lina M.  and  Su, Pei-Hao  and  Vandyke, David  and  Wen, Tsung-Hsien  and  Young, Steve},
	title     = {Counter-fitting Word Vectors to Linguistic Constraints},
	booktitle = {Proceedings of the 2016 Conference of the North American Chapter of the Association for Computational Linguistics: Human Language Technologies},
	month     = {June},
	year      = {2016},
	address   = {San Diego, California},
	publisher = {Association for Computational Linguistics},
	pages     = {142--148}
}

@InProceedings{liu15ordinal,
	author    = {Liu, Quan  and  Jiang, Hui  and  Wei, Si  and  Ling, Zhen-Hua  and  Hu, Yu},
	title     = {Learning Semantic Word Embeddings based on Ordinal Knowledge Constraints},
	booktitle = {Proceedings of the 53rd Annual Meeting of the Association for Computational Linguistics and the 7th International Joint Conference on Natural Language Processing (Volume 1: Long Papers)},
	month     = {July},
	year      = {2015},
	address   = {Beijing, China},
	publisher = {Association for Computational Linguistics},
	pages     = {1501--1511}
}

@InProceedings{kiela15specializing,
	author    = {Kiela, Douwe  and  Hill, Felix  and  Clark, Stephen},
	title     = {Specializing Word Embeddings for Similarity or Relatedness},
	booktitle = {Proceedings of the 2015 Conference on Empirical Methods in Natural Language Processing},
	month     = {September},
	year      = {2015},
	address   = {Lisbon, Portugal},
	publisher = {Association for Computational Linguistics},
	pages     = {2044--2048}
}

@InProceedings{jauhar15ontologically,
	author    = {Jauhar, Sujay Kumar  and  Dyer, Chris  and  Hovy, Eduard},
	title     = {Ontologically Grounded Multi-sense Representation Learning for Semantic Vector Space Models},
	booktitle = {Proceedings of the 2015 Conference of the North American Chapter of the Association for Computational Linguistics: Human Language Technologies},
	month     = {May--June},
	year      = {2015},
	address   = {Denver, Colorado},
	publisher = {Association for Computational Linguistics},
	pages     = {683--693}
}

@inproceedings{bordes12joint,
	title={Joint learning of words and meaning representations for open-text semantic parsing},
	author={Bordes, Antoine and Glorot, Xavier and Weston, Jason and Bengio, Yoshua},
	booktitle={Artificial Intelligence and Statistics},
	pages={127--135},
	year={2012}
}

@article{bruni14multimodal,
	title={Multimodal distributional semantics.},
	author={Bruni, Elia and Tran, Nam-Khanh and Baroni, Marco},
	journal={J. Artif. Intell. Res.(JAIR)},
	volume={49},
	number={2014},
	pages={1--47},
	year={2014}
}

@inproceedings{collobert08multitask,
	title={A Unified Architecture for Natural Language Processing: Deep Neural Networks with Multitask Learning},
	author={Collobert, Ronan and Weston, Jason},
	booktitle={Proceedings of the 25th International Conference on Machine Learning},
	pages={160--167},
	year={2008},
	organization={ACM}
}

@InProceedings{faruqui15retrofitting,
	author    = {Faruqui, Manaal and Dodge, Jesse and Jauhar, Sujay K.  and  Dyer, Chris and Hovy, Eduard and Smith, Noah A.},
	title     = {Retrofitting Word Vectors to Semantic Lexicons},
	booktitle = {Proc. of NAACL},
	year      = {2015}
}

@article{fried15incorporating,
	author    = {Daniel Fried and
	Kevin Duh},
	title     = {Incorporating Both Distributional and Relational Semantics in Word
	Representations},
	journal   = {CoRR},
	volume    = {abs/1412.4369},
	year      = {2014}
}

@inproceedings{shi17jointly,
  title={Jointly learning word embeddings and latent topics},
  author={Shi, Bei and Lam, Wai and Jameel, Shoaib and Schockaert, Steven and Lai, Kwun Ping},
  booktitle={Proc. of the International ACM SIGIR Conference on Research and Development in Information Retrieval (SIGIR)},
  pages={375--384},
  year={2017}
%   organization={ACM}
}

%************************************************************ Brain and NLP ************************************************************

@article{zhang20connecting,
  title={Connecting concepts in the brain by mapping cortical representations of semantic relations},
  author={Zhang, Yizhen and Han, Kuan and Worth, Robert and Liu, Zhongming},
  journal={Nature communications},
  volume={11},
  number={1},
  pages={1--13},
  year={2020},
  publisher={Nature Publishing Group}
}

@inproceedings{wehbe14aligning,
	author={Wehbe, Leila and Vaswani, Ashish and Knight, Kevin and Mitchell, Tom},
	booktitle={Proc. of the Conference on Empirical Methods in Natural Language Processing (EMNLP)},
	title={Aligning context-based statistical models of language with brain activity during reading},
	year={2014},
	pages={233--243}
}

@article{wehbe14storyReading,
	author={Wehbe, Leila and Murphy, Brian and Talukdar, Partha and Fyshe, Alona and Ramdas, Aaditya and Mitchell, Tom},
	title={Simultaneously uncovering the patterns of brain regions involved in different story reading subprocesses},
	journal={PloS one},
	volume={9},
	number={11},
	pages={e112572},
	year={2014}
}

@inproceedings{silbert14narrativeSpeech,
	author={Silbert, Lauren J. and Honey, Christopher J.
	and Simony, Erez and  Poeppel, David and Hasson, Uri},
	booktitle={Proc. National Academy of Sciences},
	title={Coupled neural systems underlie the production and comprehension of naturalistic narrative speech},
	volume={111},
	number={43},
	year={2014},
	pages={E4687--E4696}
}

@inproceedings{ruan16brainActivity,
	author={Ruan, Yu-Ping and Ling, Zhen-Hua and Hu, Yu},
	booktitle={Proc. of the Conference on Empirical Methods in Natural Language Processing (EMNLP)},
	title={Exploring semantic representation in brain activity using word embeddings},
	year={2016},
	pages={669--679}
}

@article{pereira18universalDecoder,
	title={Toward a universal decoder of linguistic meaning from brain activation},
	author={Pereira, Francisco and Lou, Bin and Pritchett, Brianna and Ritter, Samuel and Gershman, Samuel J. and Kanwisher, Nancy and Botvinick, Matthew and Fedorenko, Evelina},
	journal={Nature communications},
	volume={9},
	number={1},
	pages={963},
	year={2018}
}

@article{mitchell08brainActivity,
	title={Predicting human brain activity associated with the meanings of nouns},
	author={Mitchell, Tom M. and Shinkareva, Svetlana V. and Carlson, Andrew and Chang, Kai-Min and Malave, Vicente L.  and Mason, Robert A. and Just, Marcel A.},
	journal={Science},
	volume={320},
	number={5880},
	pages={1191--1195},
	year={2008}
}

@inproceedings{matsuo16brainActivity,
	author={Eri, Matsuo and Kobayashi, Ichiro and Nishimoto, Shinji and Nishida, Satoshi and Asoh, Hideki},
	booktitle={Proc. ACL 2016 Student Res. Workshop},
	title={Generating natural language descriptions for semantic representations of human brain activity},
	year={2016},
	pages={22-29},
}

@article{nili14RSA,
	title={A Toolbox for Representational Similarity Analysis},
	author={Nili, Hamed and Wingfield, Cai and Walther, Alexander and Su, Li and Marslen-Wilson, William and Kriegeskorte, Nikolaus},
	journal={PLoS Comput Biol},
	volume={10},
	number={4},
	pages={e1003553},
	year={2014},
	publisher={Public Library of Science}
}

@article{kriegeskorte13geometry,
	title={Representational geometry: integrating cognition, computation, and the brain},
	author={Kriegeskorte, Nikolaus and Kievit, Rogier A},
	journal={Trends in Cognitive Sciences},
	volume={17},
	number={8},
	pages={401--412},
	year={2013},
	publisher={Elsevier}
}

@article{kriegeskorte08RSA,
	title={Representational similarity analysis-connecting the branches of systems neuroscience},
	author={Kriegeskorte, Nikolaus and Mur, Marieke and Bandettini, Peter A},
	journal={Frontiers in systems neuroscience},
	volume={2},
	pages={4},
	year={2008},
	publisher={Frontiers}
}

@article{huth16semanticMaps,
	title={Natural speech reveals the semantic maps that tile human cerebral cortex},
	author={Huth, Alexander G and de Heer, Wendy A and Griffiths, Thomas L and Theunissen, Fr{\'e}d{\'e}ric E and Gallant, Jack L},
	journal={Nature},
	volume={532},
	number={7600},
	pages={453--458},
	year={2016},
	publisher={Nature Publishing Group}
}

@article{correia14brainTranslation,
	title={Brain-Based Translation: fMRI Decoding of Spoken Words in Bilinguals Reveals Language-Independent Semantic Representations in Anterior Temporal Lobe},
	author={Correia, Jo{\~a}o and Formisano, Elia and Valente, Giancarlo and Hausfeld, Lars and Jansma, Bernadette and Bonte, Milene},
	journal={The Journal of Neuroscience},
	volume={34},
	number={1},
	pages={332--338},
	year={2014},
	publisher={Soc Neuroscience}
}


%************************************************************ Other NLP Applications ************************************************************

@article{li19std,
  title={{STD}: An Automatic Evaluation Metric for Machine Translation Based on Word Embeddings},
  author={Li, Pairui and Chen, Chuan and Zheng, Wujie and Deng, Yuetang and Ye, Fanghua and Zheng, Zibin},
  journal={IEEE/ACM Transactions on Audio, Speech, and Language Processing},
  volume={27},
  number={10},
  pages={1497--1506},
  year={2019},
  publisher={IEEE}
}


@inproceedings{pan15documentClassification,
	title={Document classification with spherical word vectors},
	author={Pan, Yiqiao and Xing, Chao and Wang, Dong},
	booktitle={Asia-Pacific Signal and Information Processing Association Annual Summit and Conference (APSIPA)},
	pages={270--273},
	year={2015},
}

@inproceedings{batmanghelich16topicModelling,
	title={Nonparametric spherical topic modeling with word embeddings},
	author={Batmanghelich, Kayhan and Saeedi, Ardavan and Narasimhan, Karthik and Gershman, Sam},
	booktitle={Proc. ACL Meeting},
	volume={2016},
	pages={537},
	year={2016},
	organization={NIH Public Access}
}

@InProceedings{chen14parsing,
	author    = {Chen, Danqi  and  Manning, Christopher},
	title     = {A Fast and Accurate Dependency Parser using Neural Networks},
	booktitle = {Proceedings of the 2014 Conference on Empirical Methods in Natural Language Processing (EMNLP)},
	month     = {October},
	year      = {2014},
	address   = {Doha, Qatar},
	publisher = {Association for Computational Linguistics},
	pages     = {740--750}
}

@inproceedings{dos14sentiment,
	title={Deep convolutional neural networks for sentiment analysis of short texts},
	author={dos Santos, Cicero and Gatti, Maira},
	booktitle={Proceedings of COLING 2014, the 25th International Conference on Computational Linguistics: Technical Papers},
	pages={69--78},
	year={2014}
}

@inproceedings{iacobacci16disambiguation,
	title={Embeddings for Word Sense Disambiguation: An Evaluation Study.},
	author={Iacobacci, Ignacio and Pilehvar, Mohammad Taher and Navigli, Roberto},
	booktitle={ACL (1)},
	year={2016}
}

@InProceedings{jodhi16SarcasmDetection,
	author = 	"Joshi, Aditya
	and Tripathi, Vaibhav
	and Patel, Kevin
	and Bhattacharyya, Pushpak
	and Carman, Mark",
	title = 	"Are Word Embedding-based Features Useful for Sarcasm Detection?",
	booktitle = 	"Proceedings of the 2016 Conference on Empirical Methods in Natural      Language Processing    ",
	year = 	"2016",
	publisher = 	"Association for Computational Linguistics",
	pages = 	"1006--1011"
}

@inproceedings{kenter15textSimilarity,
	title={Short text similarity with word embeddings},
	author={Kenter, Tom and De Rijke, Maarten},
	booktitle={Proc. of the ACM international on conference on information and knowledge management},
	pages={1411--1420},
	year={2015},
	organization={ACM}
}

@article{lin15POS,
	title={Unsupervised pos induction with word embeddings},
	author={Lin, Chu-Cheng and Ammar, Waleed and Dyer, Chris and Levin, Lori},
	journal={arXiv preprint arXiv:1503.06760},	
	year={2015}
}

@InProceedings{manning14corenlp,
	author    = {Manning, Christopher D. and  Surdeanu, Mihai  and  Bauer, John  and  Finkel, Jenny  and  Bethard, Steven J. and  McClosky, David},
	title     = {The {Stanford} {CoreNLP} Natural Language Processing Toolkit},
	booktitle = {Association for Computational Linguistics (ACL) System Demonstrations},
	year      = {2014},
	pages     = {55--60}
}

@inproceedings{ravichandran05randomized,
	title={Randomized Algorithms and NLP: Using Locality Sensitive Hash Function for High Speed Noun Clustering},
	author={Ravichandran, Deepak and Pantel, Patrick and Hovy, Eduard},
	booktitle={Proceedings of the 43rd Annual Meeting on Association for Computational Linguistics},
	pages={622--629},
	year={2005},
	organization={Association for Computational Linguistics}
}

@inproceedings{sienvcnik15NER,
	title={Adapting word2vec to named entity recognition},
	author={Sien{\v{c}}nik, Scharolta Katharina},
	booktitle={Nordic Conference on Computational Linguistics (NODALIDA)}, 
	number={109},
	pages={239--243},
	year={2015},
	organization={Link{\"o}ping University Electronic Press}
}

@InProceedings{socher11sentiment,
	author = 	"Socher, Richard
	and Pennington, Jeffrey
	and Huang, Eric H.
	and Ng, Andrew Y.
	and Manning, Christopher D.",
	title = 	"Semi-Supervised Recursive Autoencoders for Predicting Sentiment Distributions",
	booktitle = 	"Proceedings of the 2011 Conference on Empirical Methods in Natural Language Processing",
	year = 	"2011",
	publisher = 	"Association for Computational Linguistics",
	pages = 	"151--161"
}

@inproceedings{socher13treebank,
	title={Recursive Deep Models for Semantic Compositionality over a Sentiment Treebank},
	author={Socher, Richard and Perelygin, Alex and Wu, Jean Y and Chuang, Jason and Manning, Christopher D and Ng, Andrew Y and Potts, Christopher},
	booktitle={Proc. of the Conference on Empirical Methods in Natural Language Processing (EMNLP)},
	pages={1642},
	year={2013}
% 	organization={Citeseer}
	% 	volume={1631},
}

@InProceedings{turian10NER,
	author = 	"Turian, Joseph
	and Ratinov, Lev-Arie
	and Bengio, Yoshua",
	title = 	"Word Representations: A Simple and General Method for Semi-Supervised Learning",
	booktitle = 	"Proceedings of the 48th Annual Meeting of the Association for Computational Linguistics",
	year = 	"2010",
	publisher = 	"Association for Computational Linguistics",
	pages = 	"384--394"
}

@InProceedings{vine15Clinical,
	author    = {Lance De Vine and Mahnoosh Kholghi and Guido Zuccon and Laurianne Sitbon and Anthony Nguyen},
	title     = {Analysis of Word Embeddings and Sequence Features for Clinical Information Extraction},
	booktitle = {Proceedings of the Australasian Language Technology Association Workshop 2015},
	month     = {December},
	year      = {2015},
	address   = {Parramatta, Australia},
	pages     = {21--30}
}

@inproceedings{yu17sentiment,
	title={Refining Word Embeddings for Sentiment Analysis},
	author={Yu, Liang-Chih and Wang, Jin and Lai, K Robert and Zhang, Xuejie},
	booktitle={Proc. of the Conference on Empirical Methods in Natural Language Processing (EMNLP)},
	pages={545--550},
	year={2017}
}

@inproceedings{agarwal2019word,
  title={Word Embeddings (Also) Encode Human Personality Stereotypes},
  author={Agarwal, Oshin and Durup{\i}nar, Funda and Badler, Norman I and Nenkova, Ani},
  booktitle={Proc. of the Joint Conference on Lexical and Computational Semantics (*SEM 2019)},
  pages={205--211},
  year={2019}
}

@inproceedings{demszky19analyzing,
  title={Analyzing Polarization in Social Media: Method and Application to Tweets on 21 Mass Shootings},
  author={Dorottya Demszky and Nikhil Garg and Rob Voigt and James Zou and Matthew Gentzkow and Jesse Shapiro and Dan Jurafsky},
  booktitle={Proc. of the Conference of the North American Chapter of the Association for Computational Linguistics: Human Language Technologies (NAACL-HLT)},
  pages = {2970-3005},
  year={2019}
}

@article{habibi2017deep,
  title={Deep learning with word embeddings improves biomedical named entity recognition},
  author={Habibi, Maryam and Weber, Leon and Neves, Mariana and Wiegandt, David Luis and Leser, Ulf},
  journal={Bioinformatics},
  volume={33},
  number={14},
  pages={i37--i48},
  year={2017},
  publisher={Oxford University Press}
}

@inproceedings{iter2018automatic,
  title={Automatic detection of incoherent speech for diagnosing schizophrenia},
  author={Iter, Dan and Yoon, Jong and Jurafsky, Dan},
  booktitle={Proc. of the Fifth Workshop on Computational Linguistics and Clinical Psychology: From Keyboard to Clinic},
  pages={136--146},
  year={2018}
}

@article{li06learning,
  title={Learning question classifiers: the role of semantic information},
  author={Li, Xin and Roth, Dan},
  journal={Natural Language Engineering},
  volume={12},
  number={3},
  pages={229--249},
  year={2006},
  publisher={Cambridge University Press}
}

@inproceedings{tang2014learning,
  title={Learning sentiment-specific word embedding for twitter sentiment classification},
  author={Tang, Duyu and Wei, Furu and Yang, Nan and Zhou, Ming and Liu, Ting and Qin, Bing},
  booktitle={Proc. of the Annual Meeting of the Association for Computational Linguistics (ACL)},
  pages={1555--1565},
  year={2014}
}

%************************************************************ Gender Bias and Word Evolution ************************************************************

@inproceedings{garg19TPRgap,
  title={Counterfactual fairness in text classification through robustness},
  author={Garg, Sahaj and Perot, Vincent and Limtiaco, Nicole and Taly, Ankur and Chi, Ed H and Beutel, Alex},
  booktitle={Proceedings of the 2019 AAAI/ACM Conference on AI, Ethics, and Society},
  pages={219--226},
  year={2019}
}

@inproceedings{hardt16equality,
  title={Equality of opportunity in supervised learning},
  author={Hardt, Moritz and Price, Eric and Srebro, Nati},
  booktitle={Advances in neural information processing systems},
  pages={3315--3323},
  year={2016}
}

@inproceedings{de19biosbias,
  title={Bias in bios: A case study of semantic representation bias in a high-stakes setting},
  author={De-Arteaga, Maria and Romanov, Alexey and Wallach, Hanna and Chayes, Jennifer and Borgs, Christian and Chouldechova, Alexandra and Geyik, Sahin and Kenthapadi, Krishnaram and Kalai, Adam Tauman},
  booktitle={Proceedings of the Conference on Fairness, Accountability, and Transparency},
  pages={120--128},
  year={2019}
}

@article{prost19biasTextClassif,
  title={Debiasing embeddings for reduced gender bias in text classification},
  author={Prost, Flavien and Thain, Nithum and Bolukbasi, Tolga},
  journal={arXiv preprint arXiv:1908.02810},
  year={2019}
}


@inproceedings{gonen19lipstick,
    title = "Lipstick on a Pig: {D}ebiasing Methods Cover up Systematic Gender Biases in Word Embeddings But do not Remove Them",
    author = "Gonen, Hila  and
      Goldberg, Yoav",
    booktitle = "Proceedings of the 2019 Conference of the North {A}merican Chapter of the Association for Computational Linguistics: Human Language Technologies, Volume 1 (Long and Short Papers)",
    month = jun,
    year = "2019",
    address = "Minneapolis, Minnesota",
    publisher = "Association for Computational Linguistics",
    url = "https://www.aclweb.org/anthology/N19-1061",
    doi = "10.18653/v1/N19-1061",
    pages = "609--614",
}

@inproceedings{Zhao18genderNeutral,
  title={Learning Gender-Neutral Word Embeddings},
  author={Jieyu Zhao and Yichao Zhou and Zeyu Li and Wei Wang and Kai-Wei Chang},
  booktitle={EMNLP},
  year={2018}
}

@article{Rekabsaz18unbiased,
	title={An Unbiased Approach to Quantification of Gender Inclination using Interpretable Word Representations},
	author={Navid Rekabsaz and Allan Hanbury},
	journal={CoRR},
	year={2018},
	volume={abs/1812.10424}
}

@article {caliskan17humanLikeBiases,
	author = {Caliskan, Aylin and Bryson, Joanna J. and Narayanan, Arvind},
	title = {Semantics derived automatically from language corpora contain human-like biases},
	volume = {356},
	number = {6334},
	pages = {183--186},
	year = {2017},
	doi = {10.1126/science.aal4230},
	publisher = {American Association for the Advancement of Science},
	issn = {0036-8075},
	journal = {Science}
% 	URL = {http://science.sciencemag.org/content/356/6334/183},
% 	eprint = {http://science.sciencemag.org/content/356/6334/183.full.pdf},
	
}

@article {garg18gender100years,
	author = {Garg, Nikhil and Schiebinger, Londa and Jurafsky, Dan and Zou, James},
	title = {Word embeddings quantify 100 years of gender and ethnic stereotypes},
	volume = {115},
	number = {16},
	pages = {E3635--E3644},
	year = {2018},
	doi = {10.1073/pnas.1720347115},
	journal = {Proc. of the National Academy of Sciences (NAS)}
% 	publisher = {National Academy of Sciences},
% 	issn = {0027-8424},
% 	URL = {https://www.pnas.org/content/115/16/E3635},
% 	eprint = {https://www.pnas.org/content/115/16/E3635.full.pdf},
	
}

@inproceedings{bolukbasi16debiasing,
	author = {Bolukbasi, Tolga and Chang, Kai-Wei and Zou, James and Saligrama, Venkatesh and Kalai, Adam},
	title = {Man is to Computer Programmer As Woman is to Homemaker? Debiasing Word Embeddings},
	booktitle = {Proc. of the International Conference on Neural Information Processing Systems (NeurIPS)},
	year = {2016},
	isbn = {978-1-5108-3881-9},
	location = {Barcelona, Spain},
	pages = {4356--4364},
	numpages = {9},
% 	url = {http://dl.acm.org/citation.cfm?id=3157382.3157584},
% 	acmid = {3157584},
% 	publisher = {Curran Associates Inc.},
% 	address = {USA},
% 	series = {NIPS'16},
} 

@InProceedings{hamilton16diachronic,
	author = 	"Hamilton, William L.
	and Leskovec, Jure
	and Jurafsky, Dan",
	title = 	"Diachronic Word Embeddings Reveal Statistical Laws of Semantic Change",
	booktitle = 	"Proc. of the Annual Meeting of the Association for Computational Linguistics (ACL)",
	year = 	"2016",
	pages = 	"1489--1501",
	location = 	"Berlin, Germany",
	doi = 	"10.18653/v1/P16-1141"
% 	url = 	"http://aclweb.org/anthology/P16-1141"
% 	publisher = 	"ACL",
}

%************************************************************ References without PDF ************************************************************

@book{firth57linguistics,
  title={Papers in linguistics, 1934-1951},
  author={Firth, J.R.},
  howpublished={\url{https://books.google.com/books?id=yxZZAAAAMAAJ}},
  year={1957},
  publisher={Oxford University Press}
}

@article{firth57synopsis,
	title={A synopsis of linguistic theory, 1930-1955},
	author={Firth, J. R},
	journal={Studies in linguistic analysis},
	year={1957},
	publisher={Basil Blackwell}
}

@article{harris54distributional,
author = {Zellig S. Harris},
title = {Distributional Structure},
journal = {WORD},
volume = {10},
number = {2-3},
pages = {146-162},
year  = {1954},
publisher = {Routledge}
}

@inproceedings{bian14knowledge,
author = {Bian, Jiang and Gao, Bin and Liu, Tie-Yan},
title = {Knowledge-Powered Deep Learning for Word Embedding},
booktitle = {},
year = {2014},
month = {September},
publisher = {Springer}
}


@book{Roget1911thesaurus,
  title={Roget's Thesaurus of English Words and Phrases},
  author={Roget, Peter Mark},
  year={1911},
  publisher={TY Crowell Company}
}

@book{Roget2008thesaurus,
  title={Roget's International Thesaurus, 3/E},
  author={Roget, Peter Mark},
  year={2008},
  publisher={Oxford and IBH Publishing}
}

@inproceedings{turian10semiSupervised,
	title={Word Representations: A Simple and General Method for Semi-Supervised Learning},
	author={Turian, Joseph and Ratinov, Lev and Bengio, Yoshua},
	booktitle={Proceedings of the 48th Annual Meeting of the Association for Computational Linguistics},
	pages={384--394},
	year={2010},
	organization={Association for Computational Linguistics}
}

@article{campbell08ethnologue,
	title={Ethnologue: Languages of the world (review)},
	author={Campbell, Lyle and Grondona, Ver{\'o}nica},
	journal={Language},
	volume={84},
	number={3},
	pages={636--641},
	year={2008},
	publisher={Linguistic Society of America}
}

@book{simons18ethnologue,
	title={Ethnologue: Languages of the World},
	author={Simons, Gary F. and Fenning, Charles D. (eds.)},
	year={2018},
	publisher={Dallas, Texas: SIL International}
	howpublished={Online version: \url{http://www.enthnologue.com/}}
}

@book{murphy04book,
	title={The big book of concepts},
	author={Murphy, Gregory},
	year={2004},
	publisher={MIT press}
}

@article{bhattacharyya43measure,
	title={On a measure of divergence between two statistical populations defined by their probability distribution},
	author={Bhattacharyya, Anil},
	journal={Bull. Calcutta Math. Soc},
	year={1943}
}

@inproceedings{iacobacci16disambiguation,
	title={Embeddings for word sense disambiguation: An evaluation study},
	author={Iacobacci, Ignacio and Pilehvar, Mohammad Taher and Navigli, Roberto},
	booktitle={Proceedings of the 54th Annual Meeting of the Association for Computational Linguistics (Volume 1: Long Papers)},
	volume={1},
	pages={897--907},
	year={2016}
}

@article{dryer05WALS,
	title={The world atlas of language structures},
	author={Dryer, Matthew S and Gil, David and Comrie, Bernard and Jung, Hagen and Schmidt, Claudia and others},
	year={2005},
	publisher={$\{$Oxford University Press, USA$\}$}
}

@book{ruhlen94origin,
	title={On the origin of languages: studies in linguistic taxonomy},
	author={Ruhlen, Merritt},
	year={1994},
	publisher={Stanford University Press}
}
